<record><leader>00000cas a22000007a 4500</leader><controlfield tag="001">11693361</controlfield><controlfield tag="008">850214c19309999ncudn ne      0    0eng  </controlfield><controlfield tag="009">466</controlfield><datafield ind1=" " ind2=" " tag="010"><subfield code="a">sn 85042042 </subfield></datafield><datafield ind1=" " ind2=" " tag="040"><subfield code="a">DLC</subfield><subfield code="b">eng</subfield><subfield code="c">DLC</subfield><subfield code="d">NVJ</subfield></datafield><datafield ind1=" " ind2=" " tag="019"><subfield code="a">35862934</subfield></datafield><datafield ind1=" " ind2=" " tag="042"><subfield code="a">msc</subfield></datafield><datafield ind1="0" ind2="0" tag="050"><subfield code="a">Newspaper 7002</subfield></datafield><datafield ind1="0" ind2=" " tag="130"><subfield code="a">Sun journal (New Bern, N.C.)</subfield></datafield><datafield ind1="0" ind2="4" tag="245"><subfield code="a">The sun journal.</subfield></datafield><datafield ind1="1" ind2="3" tag="246"><subfield code="a">Evening sun journal</subfield><subfield code="f">Dec. 31, 1932-</subfield></datafield><datafield ind1="1" ind2="3" tag="246"><subfield code="a">Morning sun journal</subfield><subfield code="f">Jan. 1, 1933-July 29, 1934</subfield></datafield><datafield ind1="1" ind2="7" tag="246"><subfield code="a">Sun-journal</subfield></datafield><datafield ind1="1" ind2="7" tag="246"><subfield code="a">New Bernian</subfield><subfield code="f">July 4, 1930</subfield></datafield><datafield ind1=" " ind2=" " tag="250"><subfield code="a">Mail ed.</subfield></datafield><datafield ind1=" " ind2=" " tag="260"><subfield code="a">New Bern, N.C. :</subfield><subfield code="b">Aaron Miller,</subfield></datafield><datafield ind1=" " ind2=" " tag="300"><subfield code="a">v. :</subfield><subfield code="b">ill. ;</subfield><subfield code="c">58 cm.</subfield></datafield><datafield ind1=" " ind2=" " tag="310"><subfield code="a">Daily,</subfield><subfield code="b">Sept. 2, 1995-</subfield></datafield><datafield ind1=" " ind2=" " tag="321"><subfield code="a">Daily (except Sunday),</subfield><subfield code="b">Feb. 8, 1930-Dec. 31, 1932</subfield></datafield><datafield ind1=" " ind2=" " tag="321"><subfield code="a">Daily,</subfield><subfield code="b">Jan. 1, 1933-July 26, 1955</subfield></datafield><datafield ind1=" " ind2=" " tag="321"><subfield code="a">Daily (except Sunday),</subfield><subfield code="b">July 27, 1955-Sept. 29, 1989</subfield></datafield><datafield ind1=" " ind2=" " tag="321"><subfield code="a">Daily (except Saturday),</subfield><subfield code="b">Oct. 1, 1989-Sept. 1, 1995</subfield></datafield><datafield ind1="0" ind2=" " tag="362"><subfield code="a">Feb. 8, 1930-Sept. 8, 1931 ; v. 55, no. 216 (Sept. 9, 1931)-v. 110, no. 306 (Dec. 23, 1986) ; Dec. 24, 1986-</subfield></datafield><datafield ind1=" " ind2=" " tag="500"><subfield code="a">Independent.</subfield></datafield><datafield ind1=" " ind2=" " tag="500"><subfield code="a">"The Evening" or "The Morning" appears above masthead to designate edition, Dec. 31, 1932-July 29, 1934.</subfield></datafield><datafield ind1=" " ind2=" " tag="500"><subfield code="a">On Jan. 1, 1933, the New Bernian changed title, becoming the morning edition of the Sun journal.</subfield></datafield><datafield ind1=" " ind2=" " tag="752"><subfield code="a">United States</subfield><subfield code="b">North Carolina</subfield><subfield code="c">Craven</subfield><subfield code="d">New Bern.</subfield></datafield><datafield ind1="0" ind2="0" tag="780"><subfield code="t">New Bern sun journal</subfield><subfield code="w">(DLC)sn 92073193</subfield></datafield><datafield ind1="0" ind2="5" tag="780"><subfield code="t">New Bernian</subfield><subfield code="w">(DLC)sn 96086034</subfield></datafield></record>